
\bibliographystyle{./IEEEtran}
<<<<<<< HEAD:report/biblography.bib

@article{mem_cpu_gap,
	author  = "Francesc Alted",
	title   = "Why Modern CPUs Are Starving and What Can Be Done About It",
	url     = "www.pytables.org/docs/CISE-12-2-ScientificPro.pdf",
	month   = "March/April",
	year    = "2010",
	journal = "computing now (computingnow.computer.org)"
}
=======
>>>>>>> 16c61a97ddb232fe53aa12ec177ab15120a9672f:report/bibliography.bib
